
@misc{rottgermann_collection_2023,
	title = {Collection de romans français du dix-huitième siècle (1751-1800) / {Eighteenth}-{Century} {French} {Novels} (1751-1800)  [dataset]},
	copyright = {Open Access},
	shorttitle = {{MiMoText}/roman18},
	url = {https://doi.org/10.5281/zenodo.7712928},
	doi = {10.5281/zenodo.7712928},
	language = {French},
	publisher = {Zenodo},
	author = {Röttgermann, Julia},
	collaborator = {Klee, Anne and Schöch, Christof and Ondraszek, Sarah and Konstanciak, Johanna and Dudar, Julia and Probst, Amelie and Padieu, Damir and Gebhard, Henning},
	year = {2023},
	note = {itemType: dataset},
	keywords = {graphs\_networks\_paper, DH2022, patterns\_ref, wurzburg2023, stylometry\_presentation},
}
